@book{ shaughnessy05fluids,
  author    =   "Shaughnessy, E. J., Katz, I. M., Schaffer, J. P.",
  title     =   "Introduction to Fluid Mechanics",
  year      =   "2005",
  publisher =   "Oxford University Press",
  address   =   "New York, New York",
}

@unpublished{engineering03shearmodulus,
  author    =   "Engineering ToolBox",
  title     =   "Modulus of Rigidity",
  year      =   "2004",
  url       =   "https://www.engineeringtoolbox.com/modulus-rigidity-d_946.html",
  urldate   =   "2020-07-17"
}
